@TechReport{JS07,
	author = {Jędrzejczyk, J. and Śródka, B.},
	title  ={Segmentacja obrazów metodą drzew decyzyjnych},
	year = {2007},
	institution = {Politechnika Wrocławska, Wydział Elektroniki}
}

@INPROCEEDINGS{SQL2, 
  title={{A MySQL-based data archiver: preliminary results}}, 
  author={Bickley, M. and Slominski, Ch.},
  booktitle = {{Proceedings of ICALEPCS07}},
	month = oct,
	day = {15--19},
	year={2007}, 
  note={\url{http://www.osti.gov/scitech/servlets/purl/922267} [dostęp dnia 20 czerwca 2015]}
}


@book{Ducharme2013,
	abstract = {Gain hands-on experience with SPARQL, the RDF query language thats bringing new possibilities to semantic web, linked data, and big data projects. This updated and expanded edition shows you how to use SPARQL 1.1 with a variety of tools to retrieve, manipulate, and federate data from the public web as well as from private sources.},
	author = {Ducharme, B.},
	edition = {2},
	file = {:C$\backslash$:/Users/Kamil/AppData/Local/Mendeley Ltd./Mendeley Desktop/Downloaded/Ducharme - 2013 - Learning SPARQL, 2nd Edition.pdf:pdf},
	isbn = {9781449371432},
	mendeley-groups = {KPW},
	pages = {386},
	publisher = {O'Reilly Media},
	title = {{Learning SPARQL}},
	year = {2013}
}
@article{Barman2013,
	author = {Barman, A.K. and Sarmah, J. and Sarma, S.K.},
	doi = {10.1109/UKSim.2013.90},
	file = {:C$\backslash$:/Users/Kamil/AppData/Local/Mendeley Ltd./Mendeley Desktop/Downloaded/Barman, Sarmah, Sarma - 2013 - WordNet Based Information Retrieval System for Assamese.pdf:pdf},
	isbn = {978-1-4673-6421-8},
	journal = {2013 UKSim 15th International Conference on Computer Modelling and Simulation},
	mendeley-groups = {KPW},
	pages = {480--484},
	title = {{WordNet Based Information Retrieval System for Assamese}},
	url = {http://ieeexplore.ieee.org/lpdocs/epic03/wrapper.htm?arnumber=6527465},
	year = {2013}
}
@article{Yang2011,
	author = {Yang, Ch. and Wu, Sh.-J.},
	file = {:C$\backslash$:/Users/Kamil/AppData/Local/Mendeley Ltd./Mendeley Desktop/Downloaded/Yang, Wu - 2011 - A Wordnet Based Information Retrieval on the Semantic Web.pdf:pdf},
	journal = {7th International Conference on Networked Computing and Advanced Information Management (NCM), 2011},
	keywords = {- semantic web,ontology,semantic information retrieval},
	mendeley-groups = {KPW},
	pages = {324--328},
	title = {{A Wordnet Based Information Retrieval on the Semantic Web}},
	year = {2011}
}

@article{SZANSER1970169,
title = "Automatic error-correction in natural languages",
journal = "Information Storage and Retrieval",
volume = "5",
number = "4",
pages = "169 - 174",
year = "1970",
note = "",
issn = "0020-0271",
doi = "http://dx.doi.org/10.1016/0020-0271(70)90045-8",
url = "http://www.sciencedirect.com/science/article/pii/0020027170900458",
author = "A.J. Szanser",
abstract = "Automatic error-correction m natural language processing is based on the principle of “elastic matching”. Text words are segmented into “lines” with letters arranged according to a pre-determined sequence, and then matched line-by-line, shifts being applied if the numbers of lines are unequal. In order to resolve the possible multiple choices produced, the method may be supplemented by another one, based on the observed repetition of words in natural texts, and also by syntactic analysis. This paper describes the above methods and gives an account of an experiment now in progress at the National Physical Laboratory."
}

@article{Yoshinaga1999,
	abstract = {We propose a new information retriever on the Web which: automatically classifies collected documents; and retrieves multi-lingual information (e.g., Japanese and/or English). This is attained by the mechanism of ontology processing. We set up a multi-lingual ontology as an index dictionary. The ontology manages the relations of keywords and the weights of keywords for domain categories to classify the documents. The system has the following features: users can use any keywords expressed in their native language to search for the Web documents, even if they contain multi lingual information; and the documents can be classified into specific domain categories by tuning the keyword weights up},
	author = {Yoshinaga, K. and Terano, T. and Zhong, N.},
	doi = {10.1109/KES.1999.820121},
	file = {:C$\backslash$:/Users/Kamil/AppData/Local/Mendeley Ltd./Mendeley Desktop/Downloaded/Yoshinaga, Terano, Zhong - 1999 - Multi-lingual intelligent information retriever with automated ontology generator.pdf:pdf},
	isbn = {0-7803-5578-4},
	journal = {1999 Third International Conference on Knowledge-Based Intelligent Information Engineering Systems. Proceedings (Cat. No.99TH8410)},
	keywords = {1,and the weights of,even if they,features,following,for the web documents,keywords expressed in their,keywords for domain categories,native language to search,the system has the,to classify the documents,users can use any},
	mendeley-groups = {KPW},
	pages = {62--65},
	title = {{Multi-lingual intelligent information retriever with automated ontology generator}},
	year = {1999}
}
@article{Chawla2008,
	abstract = {Web is a valuable source of information and it is expanding at an enormous speed. Search engines provide the interface to access to this vast pool of information. Users express their information need through the input query to retrieve the relevant information which does not prove to be effective as input query entered by the user is too short to get the information need of the user. To retrieve the information according to a particular information need from a big pool of information available on the web is a big challenge. This paper proposes a method to find the related queries which approximate the information need of the input query issued to the search engine. This is accomplished using Information scent and content of clicked pages in query sessions mining. Information scent is derived from the information foraging theory in which user behavior in the information environment is guided by information scent. Information need of the query sessions is modeled using information scent and content of clicked URLs and query sessions with similar information need are clustered. The clusters which closely approximate the information need of input query are used to suggest queries with similar information need for a given input query. The suggested queries are ranked in order of their degree of relevance with respect to information need of the input query. Retrieval precision of search engine is improved as suggested queries help to retrieve document relevant to the need of user efficiently and quickly. Experimental study has been conducted on the dataset collected from "Google" search engine Web history to confirm the improvement of precision of information retrieval.},
	author = {Chawla, S. and Bedi, P.},
	doi = {10.1109/ICETET.2008.23},
	file = {:C$\backslash$:/Users/Kamil/AppData/Local/Mendeley Ltd./Mendeley Desktop/Downloaded/Chawla, Bedi - 2008 - Improving information retrieval precision by finding related queries with similar information need using informati.pdf:pdf},
	isbn = {9780769532677},
	journal = {Proceedings - 1st International Conference on Emerging Trends in Engineering and Technology, ICETET 2008},
	keywords = {Clustering,Information retrieval,Information scent,Search engine},
	mendeley-groups = {KPW},
	pages = {486--491},
	title = {{Improving information retrieval precision by finding related queries with similar information need using information scent}},
	year = {2008}
}


% This file was created with JabRef 2.7b.
% Encoding: ISO8859_2

@article{Overview,
  author = {Georgakopoulos, D. and Hornick, M. and Sheth, A.},
  title = {An Overview of Workflow Management: 
	From Process Modeling to Workflow Automation Infrastructure},
  journal = {Kluwer Academic Publishers},
  year = {1995}
}


@Book{Wil,
  author = {W. van der Aalst and K. van Hee},
	title = {Workflow Management Models, Methods, and Systems},
  publisher = {The MIT Press Cambridge},
	year = {2002}

}


@ARTICLE{Ziemba,
  author = {Ziemba, E. and Obłąk, I.},
  title = {{Modelowanie procesów biznesowych z wykorzystaniem notacji BPMN - studium przypadku}},
  journal = {Informatyka Ekonomiczna},
  year = {2012}
}


@misc{BPMN,
   month = jan,
    author = {Object Management Group},
    title = {{Business Process Model and Notation (BPMN) Version 2.0}},
    note = {\url{http://www.omg.org/spec/BPMN/2.0} [dostęp dnia 20 czerwca 2015]},
    year = {2011}
}

@misc{energa,
    author = {ENERGA},
    title = {{Serwis obsługi ENERGA24. PIERWSZE KROKI}},
    note = {\url{https://www.energa.pl/energa24/pierwsze-kroki.html} [dostęp dnia 19 września 2024]},
    year = {2024}
}

@misc{Play24,
		author = {{P4 Sp.\ z o.o.}},
    title = {{Aplikacja Play24. Strona główna}},
    note = {\url{https://www.play.pl/play24} [dostęp dnia 26 września 2024]},
    year = {2024}
}

@misc{n_tier_wiki,
		author = {Wikipedia},
    title = {{Aplikacja Play24. Strona główna}},
    note = {\url{https://en.wikipedia.org/wiki/Multitier_architecture} [dostęp dnia 22 listopada 2024]}
}

@misc{n_tier_baeldung,
		author = {baeldung},
    title = {{N-Tier Architecture}},
    note = {\url{https://www.baeldung.com/cs/n-tier-architecture} [dostęp dnia 22 listopada 2024]},
		year = {2022}
}


@misc{e-kartoteka,
    author = {{E-Kartoteka}},
    title = {{E-Kartoteka. Strona Główna}},
    note = {\url{https://e-kartoteka.pl/#/login} [dostęp dnia 21 września 2024]},
    year = {2024}
}

@misc{e-kartoteka_manual,
    author = {{E-Kartoteka}},
    title = {{E-Kartoteka. Instrukcja obsługi aplikacji mobilnej}},
    note = {\url{https://www.e-kartoteka.pl/assets/image/aplikacja/instrukcja.pdf} [dostęp dnia 22 września 2024]},
    year = {2024}
}

@misc{Docker-docs,
    author = {Docker},
    title = {{Use containerized databases}},
    note = {\url{https://docs.docker.com/guides/use-case/databases/} [dostęp dnia 26 września 2024]},
    year = {2024}
}

@misc{JWToauth,
    author = {Truong Bui},
    title = {{JWT Authentication and Authorization with Spring Boot 3 and Spring Security 6}},
    note = {\url{https://medium.com/@truongbui95/jwt-authentication-and-authorization-with-spring-boot-3-and-spring-security-6-2f90f9337421} [dostęp dnia 23 listopada 2024]},
    year = {2023}
}

@misc{vsupalov,
    author = {Vladislav Supalov},
    title = {{Should You Run Your Database in Docker?}},
    note = {\url{https://vsupalov.com/database-in-docker/} [dostęp dnia 25 lipca 2024]},
    year = {2024}
}

@misc{n_tier_medium,
    author = {Ege Karataş},
    title = {{Should You Run Your Database in Docker?}},
    note = {\url{https://medium.com/@segekaratas/understanding-n-tier-architecture-building-robust-and-scalable-applications-62db30a40b5} [dostęp dnia 25 lipca 2024]},
    year = {2023}
}

@misc{EARTHLY,
    author = {Aveek Das},
    title = {{Using Docker with Postgres: Tutorial and Best Practices}},
    note = {\url{https://earthly.dev/blog/postgres-docker/} [dostęp dnia 11 lipca 2024]},
    year = {2024}
}

@misc{acl,
    author = {Wikipedia},
    title = {{Access-control list}},
    note = {\url{https://pl.wikipedia.org/wiki/Access-control_list} [dostęp dnia 23 listopada 2024]},
    year = {2024}
}

@misc{DB_FIRST_VS_CODE_FIRST_1,
	author = {Tymoteusz Kęstowicz},
    title = {{EF w podejściu Database First vs Code First – co wybrać?}},
    note = {\url{https://tymoteuszkestowicz.com/2014/03/ef-w-podejsciu-database-first-vs-code-first-co-wybrac/} [dostęp dnia 20 listopada 2024]},
    year = {2014}
}

@misc{DB_FIRST_VS_CODE_FIRST_2,
	author = {Younes Belouche},
    title = {{Code First Approach vs. Database First Approach}},
    note = {\url{https://medium.com/codex/code-first-approach-vs-database-first-approach-a3830c0cc9b6} [dostęp dnia 20 listopada 2024]},
    year = {2023}
}

@misc{CODE_FIRST,
	author = {Saurabh Gour},
    title = {{Code First Approach vs. Database First Approach}},
    note = {\url{https://medium.com/swlh/code-first-database-design-and-development-using-jpa-hibernate-flway-fastnate-and-spring-boot-3ede35b403a6} [dostęp dnia 20 listopada 2024]},
    year = {2020}
}

@misc{DB_FIRST,
    author = {Microsoft},
    title = {{Najpierw baza danych}},
    note = {\url{https://learn.microsoft.com/pl-pl/ef/ef6/modeling/designer/workflows/database-first} [dostęp dnia 20 listopada 2024]},
    year = {2023}
}

@misc{dms,
    author = {Comarch},
    title = {{Systemy DMS: Jak nowocześnie zarządzać dokumentami?}},
    note = {\url{https://bulldogjob.pl/readme/systemy-dms-nowoczesne-zarzadzanie-dokumentami} [dostęp dnia 23 listopada 2024]},
    year = {2024}
}

@misc{szyrowanie_danych,
    author = {{\L{}.\ Micha\l{}ek}},
    title = {{Czym jest szyfrowanie danych i dlaczego jest tak ważne?}},
    note = {\url{https://koszarytradingu.com/pl/czym-jest-szyfrowanie-danych/} [dostęp dnia 23 listopada 2024]},
    year = {2023}
}

@misc{acl_2,
    author = {Marco},
    title = {{Zrozumienie list kontroli dostępu (ACL) – obszerny przewodnik dla entuzjastów technologii}},
    note = {\url{https://techwatch.de/pl/blog/Zrozumienie-list-kontroli-dost%C4%99pu-to-kompleksowy-przewodnik-dla-entuzjast%C3%B3w-technologii/} [dostęp dnia 23 listopada 2024]},
    year = {2023}
}

@misc{szyrowanie_danych_2,
    author = {gov.pl},
    title = {{Szyfrowanie informacji}},
    note = {\url{https://www.gov.pl/web/baza-wiedzy/szyfrowanie-informacji} [dostęp dnia 23 listopada 2024]},
    year = {2023}
}

@misc{kotntrola_wersji,
    author = {QMStorm},
    title = {{Zarządzanie dokumentacją — na czym polega i jak wygląda w praktyce?}},
    note = {\url{https://qmstorm.com/zarzadzanie-dokumentacja-na-czym-polega/} [dostęp dnia 23 listopada 2024]},
    year = {2024}
}


@misc{rodo_dokumenty,
    author = {{QMStorm}},
    title = {{Czy zgodnie z RODO szyfrowanie danych jest obowiązkowe?}},
    note = {\url{https://poradnikprzedsiebiorcy.pl/-czy-zgodnie-z-rodo-szyfrowanie-danych-jest-obowiazkowe} [dostęp dnia 23 listopada 2024]},
    year = {2023}
}


@misc{django_guardian,
    author = {{Django Software Foundation}},
    title = {{Customizing authentication in Django}},
    note = {\url{https://docs.djangoproject.com/en/5.1/topics/auth/customizing/#handling-object-permissions} [dostęp dnia 23 listopada 2024]},
    year = {2024}
}

@misc{workflow_utomation,
    author = {Adam Chodkowski},
    title = {{Elektroniczny obieg dokumentów i workflow – wszystko co musisz wiedzieć}},
    note = {\url{https://docway.pl/blog/elektroniczny-obieg-dokumentow/} [dostęp dnia 23 listopada 2024]},
    year = {2022}
}

@misc{BPMN_wiki,
    author = {Wikipedia},
    title = {{Business Process Model and Notation}},
    note = {\url{https://en.wikipedia.org/wiki/Business_Process_Model_and_Notation} [dostęp dnia 24 listopada 2024]},
    year = {2022}
}

@misc{BPMN_camunda,
    author = {Camunda},
    title = {{What is BPMN? Business Process Model and Notation}},
    note = {\url{https://camunda.com/bpmn/} [dostęp dnia 24 listopada 2024]},
    year = {2024}
}

@misc{BPMN_spec,
    author = {{Object Management Group}},
    title = {{About the Business Process Model And Notation Specification Version 2.0}},
    note = {\url{https://www.omg.org/spec/BPMN/2.0/} [dostęp dnia 24 listopada 2024]},
    year = {2010}
}

@misc{paypal_api,
    author = {{PayPal Developer}},
    title = {{Get started with PayPal REST APIs}},
    note = {\url{https://developer.paypal.com/api/rest/} [dostęp dnia 24 listopada 2024]},
    year = {2023}
}

@misc{stripe_api,
    author = {stripe},
    title = {{Dokumentacja}},
    note = {\url{https://docs.stripe.com/api} [dostęp dnia 24 listopada 2024]},
    year = {2024}
}

@misc{twilio,
    author = {Twilio},
    title = {{Deliver at scale with proven APIs for SMS}},
    note = {\url{https://www.twilio.com/en-us/messaging/channels/sms} [dostęp dnia 24 listopada 2024]},
    year = {2024}
}

@misc{clickatell,
    author = {Clickatell},
    title = {{Send and receive text messages globally using SMS APIs}},
    note = {\url{https://www.clickatell.com/products/sms-platform/} [dostęp dnia 24 listopada 2024]},
    year = {2024}
}

@misc{gmail_api,
    author = {Google},
    title = {{Omówienie interfejsu Gmail API }},
    note = {\url{https://developers.google.com/gmail/api/guides?hl=pl} [dostęp dnia 24 listopada 2024]},
    year = {2024}
}

@misc{hashicorp_vault,
    author = {{HashiCorp}},
    title = {{Secure applications identities and protect sensitive data}},
    note = {\url{https://www.hashicorp.com/products/vault} [dostęp dnia 24 listopada 2024]},
    year = {2024}
}

@misc{aws_secret,
    author = {Google},
    title = {{AWS Secrets Manager}},
    note = {\url{https://aws.amazon.com/secrets-manager/} [dostęp dnia 24 listopada 2024]},
    year = {2024}
}

@misc{ajax,
    author = {Tomasz Kozon},
    title = {{AJAX - co to jest AJAX i jak działa?}},
    note = {\url{https://boringowl.io/blog/ajax} [dostęp dnia 28 listopada 2024]},
    year = {2024}
}

@misc{Marcin,
title = {{BPMN Notacja modelowania procesów biznesowych}},
author = {Moś, M.},
note = {\url{http://procesy.ue.wroc.pl/uploads/Marcin/BPMN.pdf} [dostęp dnia 20 czerwca 2015]}
}

